<?xml version="1.0" encoding="utf-8"?>
<record xmlns="http://www.loc.gov/MARC21/slim" xmlns:xsi="http://www.w3.org/2001/XMLSchema-instance" xsi:schemaLocation="http://www.loc.gov/MARC21/slim http://www.loc.gov/standards/marcxml/schema/MARC21slim.xsd">
	<leader>
		02866nam a2200409   4500
	</leader>
	<controlfield tag="001">
		649907
	</controlfield>
	<controlfield tag="003">
		NNC
	</controlfield>
	<controlfield tag="006">
		m        d        
	</controlfield>
	<controlfield tag="007">
		cr cn |||m|||a
	</controlfield>
	<controlfield tag="008">
		151222s1890    ua      o     000 0 ara d
	</controlfield>
	<datafield ind1=" " ind2=" " tag="040">
		<subfield code="a">
			NNU
		</subfield>
		<subfield code="b">
			eng
		</subfield>
		<subfield code="e">
			rda
		</subfield>
		<subfield code="c">
			NNU
		</subfield>
	</datafield>
	<datafield ind1="1" ind2=" " tag="100">
		<subfield code="6">
			880-01
		</subfield>
		<subfield code="a">
			Qaysī, Ḥasan al-ʻAbbāsī.
		</subfield>
	</datafield>
	<datafield ind1="1" ind2="0" tag="240">
		<subfield code="6">
			880-02
		</subfield>
		<subfield code="a">
			Mukhtaṣar Nihāyat al-bayān ʻalá al-manẓūmah al-musammāh bi- Minḥat al-mannān 
		</subfield>
	</datafield>
	<datafield ind1="1" ind2="0" tag="245">
		<subfield code="6">
			880-03
		</subfield>
		<subfield code="a">
			Hādhā Mukhtaṣar Nihāyat al-bayān ʻalá al-manẓūmah al- musammāh bi-Minḥat al-mannān fī al-farāʼiḍ ʻalá madhhab al-imām al- aʻẓam Abī Ḥanīfah al-Nuʻmān /
		</subfield>
		<subfield code="c">
			taʼlīf Ḥasan al-ʻAbbāsī al-Qaysī al- Ḥanafī.
		</subfield>
	</datafield>
	<datafield ind1=" " ind2=" " tag="250">
		<subfield code="6">
			880-04
		</subfield>
		<subfield code="a">
			al-Tabʻah 1.
		</subfield>
	</datafield>
	<datafield ind1=" " ind2=" " tag="260">
		<subfield code="6">
			880-05
		</subfield>
		<subfield code="a">
			Miṣr :
		</subfield>
		<subfield code="b">
			al-Maṭbaʻah al-Khayrīyah,
		</subfield>
		<subfield code="c">
			1308h [1890]
		</subfield>
	</datafield>
	<datafield ind1=" " ind2=" " tag="300">
		<subfield code="a">
			online resource (107 pages)
		</subfield>
	</datafield>
	<datafield ind1=" " ind2=" " tag="336">
		<subfield code="a">
			text
		</subfield>
		<subfield code="2">
			rdacontent
		</subfield>
	</datafield>
	<datafield ind1=" " ind2=" " tag="337">
		<subfield code="a">
			computer
		</subfield>
		<subfield code="2">
			rdamedia
		</subfield>
	</datafield>
	<datafield ind1=" " ind2=" " tag="338">
		<subfield code="a">
			online resource
		</subfield>
		<subfield code="2">
			rdacarrier
		</subfield>
	</datafield>
	<datafield ind1=" " ind2=" " tag="500">
		<subfield code="a">
			Part of the Arabic Collections Online (ACO) project, contributed by Columbia University Libraries.
		</subfield>
	</datafield>
	<datafield ind1=" " ind2=" " tag="533">
		<subfield code="a">
			Electronic reproduction.
		</subfield>
		<subfield code="b">
			New York, N.Y. :
		</subfield>
		<subfield code="c">
			New York University,
		</subfield>
		<subfield code="d">
			2015.
		</subfield>
		<subfield code="5">
			NNU
		</subfield>
	</datafield>
	<datafield ind1=" " ind2="0" tag="650">
		<subfield code="a">
			Islamic law.
		</subfield>
	</datafield>
	<datafield ind1="2" ind2=" " tag="710">
		<subfield code="a">
			Columbia University.
		</subfield>
		<subfield code="b">
			Libraries.
		</subfield>
	</datafield>
	<datafield ind1="0" ind2=" " tag="730">
		<subfield code="a">
			Arabic Collections Online.
		</subfield>
	</datafield>
	<datafield ind1="0" ind2="8" tag="776">
		<subfield code="i">
			Online version:
		</subfield>
		<subfield code="a">
			Qaysi, Hasan al-ʻAbbasi.
		</subfield>
		<subfield code="s">
			Minhat al-manan fi al-faraʼid ʻala madhhab al-imam al-ʻazim Abi Hanifah al-Nuʻman.
		</subfield>
		<subfield code="t">
			Hadha mukhtasar nihayat al-bayan ʻala al-manzumah al-musammah bi-Minhat al-manan fi al-faraʼid ʻala madhhab al-imam al-aʻzam Abi Hanifah al-Nuʻman.
		</subfield>
		<subfield code="b">
			al-Tabʻah 1.
		</subfield>
		<subfield code="d">
			Misr : al-Matbaʻah al-Khayriyah, 1308h [1890]
		</subfield>
		<subfield code="w">
			(OCoLC)654583050
		</subfield>
	</datafield>
	<datafield ind1="0" ind2="8" tag="776">
		<subfield code="i">
			Print version:
		</subfield>
		<subfield code="a">
			Qaysī, Ḥasan al-ʻAbbāsī.
		</subfield>
		<subfield code="t">
			Hādhā Mukhtaṣar Nihāyat al-bayān ʻalá al-manẓūmah al- musammāh bi-Minḥat al-mannān fī al-farāʼiḍ ʻalá madhhab al-imām al- aʻẓam Abī Ḥanīfah al-Nuʻmān
		</subfield>
		<subfield code="w">
			(NNC)649907
		</subfield>
		<subfield code="w">
			(OCoLC)506401271
		</subfield>
	</datafield>
	<datafield ind1="4" ind2="0" tag="856">
		<subfield code="u">
			http://hdl.handle.net/2333.1/tx95x98r
		</subfield>
	</datafield>
	<datafield ind1="4" ind2="0" tag="856">
		<subfield code="u">
			http://hdl.handle.net/2333.1/tx95x98r
		</subfield>
	</datafield>
	<datafield ind1="1" ind2=" " tag="880">
		<subfield code="6">
			100-01
		</subfield>
		<subfield code="a">
			قيسي، حسن العباسي.
		</subfield>
	</datafield>
	<datafield ind1="1" ind2="0" tag="880">
		<subfield code="6">
			240-02
		</subfield>
		<subfield code="a">
			مختصر نهاية البيان على المنظومة المسماه بمنحة المنان 
		</subfield>
	</datafield>
	<datafield ind1="1" ind2="0" tag="880">
		<subfield code="6">
			245-03
		</subfield>
		<subfield code="a">
			هاذا مختصر نهاية البيان على المنظومة المسماه بمنحة المنان في الفرائض على مذهب الامام الاعظم ابي حنيفة النعمان /
		</subfield>
		<subfield code="c">
			تأليف حسن العباسي القيسي الحنفي.
		</subfield>
	</datafield>
	<datafield ind1=" " ind2=" " tag="880">
		<subfield code="6">
			250-04
		</subfield>
		<subfield code="a">
			الطبعة 1.
		</subfield>
	</datafield>
	<datafield ind1=" " ind2=" " tag="880">
		<subfield code="6">
			260-05
		</subfield>
		<subfield code="a">
			مصر :
		</subfield>
		<subfield code="b">
			المطبعة الخيرية،
		</subfield>
		<subfield code="c">
			1308ه [1890]
		</subfield>
	</datafield>
	<datafield ind1=" " ind2=" " tag="959">
		<subfield code="a">
			NNU
		</subfield>
		<subfield code="b">
			WEB
		</subfield>
		<subfield code="c">
			GENI
		</subfield>
		<subfield code="t">
			0
		</subfield>
		<subfield code="m">
			Electronic access
		</subfield>
		<subfield code="s">
			01
		</subfield>
	</datafield>
	<datafield ind1=" " ind2=" " tag="959">
		<subfield code="a">
			NNU
		</subfield>
		<subfield code="b">
			WEB
		</subfield>
		<subfield code="c">
			GENI
		</subfield>
		<subfield code="t">
			0
		</subfield>
		<subfield code="m">
			Electronic access
		</subfield>
		<subfield code="s">
			01
		</subfield>
	</datafield>
	<datafield ind1=" " ind2=" " tag="999">
		<subfield code="i">
			NNC_649907
		</subfield>
		<subfield code="o">
			(OCoLC)ocn506401271
		</subfield>
		<subfield code="s">
			columbia_aco001279
		</subfield>
		<subfield code="e">
			(ERROR-880)
		</subfield>
		<subfield code="s">
			columbia_aco001279
		</subfield>
	</datafield>
</record>
